2380 3966
246 209 330 318 322
387 197 502 290 Ctt'r.
536 197 583 324 V·
617 189 987 303 narrarentur
1053 229 1059 242 ·

245 404 376 472 curua,
399 401 480 474 eam
505 374 654 454 tandem
679 376 718 450 in
745 373 865 451 solum
885 371 1141 467 deiecit,'de.›

131 471 132 476 ¹
242 477 512 655 frehenditque
529 477 694 552 manibus
704 475 889 549 materiam
900 473 1075 570 viseosam
1093 482 1141 558 &

259 580 449 666 ubricam,
474 574 660 676 spermatis
686 597 852 648 ranarum
874 571 981 652 instar
1002 626 1014 665 ,
1038 601 1136 654 cum

163 679 166 683 ’
242 675 357 779 nigris
382 676 575 778 &exiguis
595 672 763 761 maculis,
784 671 930 748 testante
946 673 1136 764 Derbales,

242 775 281 852 de
298 779 466 862 merearis,
493 779 652 850 TomoIV
669 767 788 851 Mundi
799 770 965 848 Matbem.
1011 773 1133 850 Nihil

240 873 338 951 aliud
358 871 427 948 elle
449 872 620 946 videntur
640 893 752 967 quam
775 871 923 946 materia
942 869 1064 952 oleosa
1086 875 1131 953 δι

237 969 473 1074 phosphorea
493 1021 504 1061 ,
528 993 573 1044 ex
592 967 801 1068 putrefauis
828 968 983 1066 plantiS,
1016 973 1128 1052 cada.

191 1127 193 1132 -
237 1073 408 1160 veribus,
432 1070 561 1145 ardore
575 1067 658 1143 solis
672 1088 892 1166 praeparata,
909 1070 1128 1150 lucenstan-

236 1191 329 1253 tum.
381 1168 489 1243 Vnde
505 1167 641 1244 fabulas
659 1166 811 1266 quilibet
832 1166 1010 1268 agnoscit,
1031 1196 1128 1251 cum

235 1267 409 1346 dicuntur
420 1265 489 1342 elle
504 1267 635 1342 animae
654 1290 699 1340 ex
718 1267 930 1379 purgatorio
948 1291 1123 1368 erranteS,

234 1389 296 1444 aut
311 1367 605 1454 cacodaemones,
630 1366 695 1464 qui
720 1364 939 1466 malignitate
957 1365 1018 1442 sua
1040 1372 1123 1455 via.

94 1543 97 1552 ,
232 1485 331 1542 tores
347 1465 522 1554 indeuia,
546 1463 763 1565 praecipitia,
790 1461 976 1556 dufoliet,
1000 1467 1119 1568 abdu.

232 1588 332 1656 cant,
349 1566 410 1666 (I,
430 1569 501 1660 14.)
512 1565 566 1638 vti
581 1564 703 1666 nugati
722 1560 802 1637 sunt
822 1575 1016 1654 rannerius,
1042 1575 1117 1670 rpi-

232 1663 313 1737 tom.
331 1661 466 1764 Phyficae
491 1661 545 1753 lib,
559 1674 626 1754 IV,
651 1678 720 1764 cap.
740 1685 780 1744 23
804 1660 1048 1757 detractus,
1073 1665 1117 1744 de

229 1783 302 1838 var.
319 1786 423 1838 rerum
436 1759 491 1836 ab.
505 1771 604 1852 XIV,
630 1777 698 1863 cap.
716 1767 772 1858 69.

628 1952 713 2033 272.

277 2047 498 2126 Referunrur
523 2047 596 2125 huc
625 2063 720 2156 Ignes
734 2049 839 2152 fatui
856 2045 1024 2140 ardentes,
1046 2049 1109 2128 vel

149 2183 154 2188 ·
175 2205 185 2232 t
224 2146 417 2225 Ambuloncs
432 2153 633 2240 incendiarii,
645 2151 709 2248 qui
722 2174 797 2224 non
812 2153 951 2224 tantum
966 2149 1112 2241 lucent,

223 2263 266 2318 vt
278 2246 438 2342 priores,
463 2245 523 2322 led
535 2249 849 2324 incenduntetiam
866 2244 955 2320 tecla
967 2244 1108 2324 strami-

222 2363 309 2433 nea,
335 2344 488 2429 &aedes
503 2345 592 2444 ipsas
607 2372 619 2442 3
644 2347 767 2446 quales
783 2346 873 2421 olim
890 2346 928 2418 in
945 2345 1104 2424 Germa-

220 2442 280 2516 nia
288 2491 299 2531 ,
314 2443 434 2542 elapso
447 2443 565 2521 seculo
573 2449 611 2520 in
625 2447 761 2536 Gallia,
786 2445 859 2520 hoc
870 2441 987 2520 adhuc
1002 2444 1103 2520 secu-

218 2541 260 2614 lo
277 2541 315 2615 in
339 2543 501 2623 Holsatia
523 2546 561 2621 dt
577 2546 692 2634 ltalia,
718 2543 947 2632 exstiterunt,
973 2540 1102 2644 figurata·

130 2681 139 2700 .
217 2640 407 2730 rotundae,
432 2639 491 2717 sed
507 2641 553 2716 ad
567 2643 853 2742 magnitudinem
870 2639 955 2716 disci
966 2642 1101 2720 lunatis
1119 2643 1124 2658 '

216 2734 480 2828 increscentes,
506 2742 545 2817 ὅ(
570 2738 673 2816 cursu
700 2742 916 2817 celeritatem
937 2739 1101 2820 hominis
1176 2835 1177 2844 ἵ

216 2839 395 2913 currentis
422 2838 548 2937 adaequ
571 2861 658 2914 ntes.
697 2845 699 2849 ’
730 2840 873 2918 Deinde
892 2837 964 2913 huc
989 2842 1099 2916 etiam

213 2935 398 3033 pertinent
417 2939 525 3028 Callai
599 2937 735 3036 Pallux,
761 2943 824 3040 qui
841 2939 920 3014 sunt
935 2940 1035 3040 ignes
1046 2939 1098 3015 fa·

214 3033 292 3118 tui,
316 3035 353 3106 in
369 3060 507 3118 oceano
533 3033 699 3114 flustibus
724 3059 918 3114 commoto
943 3041 1098 3115 nauibus

211 3127 443 3208 adhaerentes.
491 3138 527 3210 Si
543 3133 618 3210 duo
635 3134 769 3214 fiterint
792 3139 877 3214 tales
893 3140 1011 3239 ignes,
1038 3135 1101 3212 dia.

212 3225 275 3302 tto
290 3233 441 3306 nomine
455 3234 703 3335 appellantur,
731 3235 903 3312 srvnicus
933 3257 1094 3326 tantum,

210 3343 363 3404 vocatur
379 3330 512 3413 Helena.
588 3333 647 3423 Ex
667 3333 919 3438 'superstitione
941 3333 1017 3410 duo
1040 3332 1094 3408 illi
1161 3396 1164 3412 ,

849 3455 853 3459 ’
989 3455 1089 3510 Vete-
1175 3493 1176 3498 η
